month,sales
2022-01,120
2022-02,130
2022-03,140
2022-04,150
2022-05,160
2022-06,170
2022-07,180
2022-08,190
2022-09,210
2022-10,230
2022-11,1250
2022-12,270
2023-01,290
2023-02,300
2023-03,320
2023-04,340
2023-05,350
2023-06,360
2023-07,380
2023-08,400
2023-09,420
2023-10,430
2023-11,450
2023-12,460